%% Created using Papers on Fri, 26 Oct 2012.
%% http://mekentosj.com/papers/

@article{Omar:2012tw,
author = {Omar, C and Yoon, Y S and LaToza, T D and Myers, B A},
title = {{Active code completion}},
journal = {Proceedings of the 2012  {\ldots}},
year = {2012}
}

@inproceedings{Sawadsky:2011eh,
author = {Sawadsky, Nicholas and Murphy, Gail C},
title = {{Fishtail: From Task Context to Source Code Examples}},
booktitle = {TOPI '11},
year = {2011},
pages = {48},
publisher = {ACM Press},
address = {New York, New York, USA}
}

@book{Cypher:2010ub,
title = {{No Code Required: Giving Users Tools to Transform the Web}},
publisher = {Morgan Kaufmann},
year = {2010},
edition = {1 },
month = apr
}

@inproceedings{Hartmann:2011ii,
author = {Hartmann, Bj{\"o}rn and Dhillon, Mark and Chan, Matthew K},
title = {{HyperSource: bridging the gap between source and code-related web sites}},
booktitle = {CHI '11: Proceedings of the SIGCHI conference on Human factors in computing systems},
year = {2011},
publisher = { ACM  Request Permissions},
month = may
}

@inproceedings{Hartmann:2010hx,
author = {Hartmann, Bj{\"o}rn and MacDougall, Daniel and Brandt, Joel and Klemmer, Scott R},
title = {{What Would Other Programmers Do? Suggesting Solutions to Error Messages}},
booktitle = {CHI '10},
year = {2010},
pages = {1019},
publisher = {ACM Press},
address = {New York, New York, USA}
}

@inproceedings{McMillan:2011cm,
author = {McMillan, Collin},
title = {{Finding Relevant Functions in Millions of Lines of Code}},
booktitle = {ICSE '11},
year = {2011},
pages = {1170},
publisher = {ACM Press},
address = {New York, New York, USA}
}

@inproceedings{GallardoValencia:2009gr,
author = {Gallardo-Valencia, Rosalva E and Elliott Sim, Susan},
title = {{Internet-Scale Code Search}},
booktitle = {2009 ICSE Workshop on Search-Driven Development-Users, Infrastructure, Tools and Evaluation (SUITE)},
year = {2009},
pages = {49--52},
publisher = {IEEE},
month = may
}

@inproceedings{Brandt:2009jb,
author = {Brandt, Joel and Guo, Philip J and Lewenstein, Joel and Dontcheva, Mira and Klemmer, Scott R},
title = {{Two Studies of Opportunistic Programming: Interleaving Web Foraging, Learning, and Writing Code}},
booktitle = {CHI '09},
year = {2009},
pages = {1589},
publisher = {ACM Press},
address = {New York, New York, USA}
}

@article{Mandelin:2005uj,
author = {Mandelin, D and Xu, L and Bod{\'\i}k, R and Kimelman, D},
title = {{Jungloid mining: helping to navigate the API jungle}},
journal = {ACM SIGPLAN Notices},
year = {2005}
}

@inproceedings{GallardoValencia:2010ij,
author = {Gallardo-Valencia, Rosalva E and Tantikul, Phitchayaphong and Sim, Susan Elliott},
title = {{Searching for Reputable Source Code on the Web}},
booktitle = {GROUP '10},
year = {2010},
pages = {183},
publisher = {ACM Press},
address = {New York, New York, USA}
}

@article{Ponzanelli:2012vf,
author = {Ponzanelli, L},
title = {{Exploiting Crowd Knowledge in the IDE}},
year = {2012}
}

@article{McMillan:2010dz,
author = {McMillan, Collin and Grechanik, Mark and Poshyvanyk, Denys and Fu, Chen and Xie, Qing},
title = {{Exemplar: A Source Code Search Engine for Finding Highly Relevant Applications}},
journal = {IIEEE Trans. Software Eng.},
year = {2010},
volume = {38},
number = {5},
pages = {1069--1087},
month = may
}

@inproceedings{Wightman:2012gc,
author = {Wightman, Doug and Ye, Zi and Brandt, Joel and Vertegaal, Roel},
title = {{SnipMatch: Using Source Code Context to Enhance Snippet Retrieval and Parameterization}},
booktitle = {UIST '12},
year = {2012},
pages = {219},
publisher = {ACM Press},
address = {New York, New York, USA}
}

@inproceedings{Brandt:2010tp,
author = {Brandt, J and Dontcheva, M and Weskamp, M},
title = {{Example-centric programming: integrating web search into the development environment}},
booktitle = {CHI '10 Proceedings of the SIGCHI Conference on Human Factors in Computing Systems},
year = {2010}
}

@inproceedings{McMillan:2012dj,
author = {McMillan, Collin and Hariri, Negar and Poshyvanyk, Denys and Cleland-Huang, Jane and Mobasher, Bamshad},
title = {{Recommending Source Code for Use in Rapid Software Prototypes}},
booktitle = {2012 34th International Conference on Software Engineering (ICSE)},
year = {2012},
pages = {848--858},
publisher = {IEEE},
month = jun
}

@article{Stylos:2006gu,
author = {Stylos, J and Myers, B A},
title = {{Mica: A Web-Search Tool for Finding API Components and Examples}},
journal = {Visual Languages and Human-Centric Computing, 2006. VL/HCC 2006. IEEE Symposium on},
year = {2006},
pages = {195--202}
}

@inproceedings{Bacchelli:2012dl,
author = {Bacchelli, Alberto and Ponzanelli, Luca and Lanza, Michele},
title = {{Harnessing Stack Overflow for the IDE}},
booktitle = {2012 Third International Workshop on Recommendation Systems for Software Engineering (RSSE)},
year = {2012},
pages = {26--30},
publisher = {IEEE}
}

@inproceedings{Bajracharya:2010iy,
author = {Bajracharya, Sushil and Kuhn, Adrian and Ye, Yunwen},
title = {{SUITE 2010: 2nd International Workshop on Search-Driven Development - Users, Infrastructure, Tools {\&} Evaluation}},
booktitle = {ICSE '10},
year = {2010},
pages = {427},
publisher = {ACM Press},
address = {New York, New York, USA}
}

@article{Bajracharya:2010um,
author = {Bajracharya, S and Ossher, J and Lopes, Cristina Videira},
title = {{Searching API usage examples in code repositories with sourcerer API search}},
journal = {SUITE '10 Proceedings of 2010 ICSE Workshop on Search-driven Development: Users, Infrastructure, Tools and Evaluation},
year = {2010}
}

@article{Bajracharya:2006vn,
author = {Bajracharya, Sushil and Ngo, Trung and Linstead, Erik and Dou, Yimeng and Baldi, Pierre and Lopes, Cristina Videira},
title = {{Sourcerer: a search engine for open source code supporting structure-based search}},
journal = {Companion to the 21st ACM SIGPLAN symposium on Object-oriented programming systems, languages, and applications},
year = {2006}
}

@inproceedings{Ying:2012tr,
author = {Ying, Annie T T},
title = {{Facilitating code example search on the web through expertise personalization}},
booktitle = {UMAP'12: Proceedings of the 20th international conference on User Modeling, Adaptation, and Personalization},
year = {2012},
publisher = { Springer-Verlag},
month = jul
}

@inproceedings{Hoffmann:2007wo,
author = {Hoffmann, R and Fogarty, J and Weld, D S},
title = {{Assieme: finding and leveraging implicit references in a web search interface for programmers}},
booktitle = {UIST '07 Proceedings of the 20th annual ACM symposium on User interface software and technology},
year = {2007}
}

@inproceedings{Bajracharya:2011kw,
author = {Bajracharya, Sushil and Kuhn, Adrian and Ye, Yunwen},
title = {{Third International Workshop on Search-Driven Development: Users, Infrastructure, Tools, and Evaluation (SUITE 2011)}},
booktitle = {ICSE '11},
year = {2011},
pages = {1228},
publisher = {ACM Press},
address = {New York, New York, USA}
}

@inproceedings{McMillan:2011wq,
author = {McMillan, Collin and Grechanik, M and Poshyvanyk, D},
title = {{Portfolio: finding relevant functions and their usage}},
booktitle = {ICSE '11 Proceedings of the 33rd International Conference on Software Engineering},
year = {2011}
}

@inproceedings{Reiss:2009fu,
author = {Reiss, Steven P},
title = {{Semantics-Based Code Search}},
booktitle = {2009 IEEE International Conference on Software Maintenance (ICSM)},
year = {2009},
pages = {385--386},
publisher = {IEEE},
month = sep
}

@article{Stolee:2012wp,
author = {Stolee, K T and Elbaum, S},
title = {{Solving the Search for Suitable Code: An Initial Implementation}},
journal = {digitalcommons.unl.edu},
year = {2012}
}

@inproceedings{Bajracharya:2009fj,
author = {Bajracharya, Sushil and Kuhn, Adrian and Ye, Yunwen},
title = {{SUITE 2009: First International Workshop on Search-Driven Development -- Users, Infrastructure, Tools and Evaluation}},
booktitle = {2009 31st International Conference on Software Engineering - Companion Volume},
year = {2009},
pages = {445--446},
publisher = {IEEE},
month = may
}

@inproceedings{Gysin:2010kt,
author = {Gysin, Florian S and Kuhn, Adrian},
title = {{A trustability metric for code search based on developer karma}},
booktitle = {SUITE '10},
year = {2010},
pages = {41--44},
publisher = {ACM Press},
address = {New York, New York, USA}
}

@inproceedings{Brandt:2008wi,
author = {Brandt, J and Guo, P J and Lewenstein, J},
title = {{Opportunistic programming: how rapid ideation and prototyping occur in practice}},
booktitle = {WEUSE '08 Proceedings of the 4th international workshop on End-user software engineering},
year = {2008}
}

