@inproceedings{collins2002discriminative,
  title={Discriminative training methods for hidden markov models: Theory and experiments with perceptron algorithms},
  author={Collins, Michael},
  booktitle={Proceedings of the ACL-02 conference on Empirical methods in natural language processing-Volume 10},
  pages={1--8},
  year={2002},
  organization={Association for Computational Linguistics}
}

@inproceedings{allamanis2014mining,
  title={Mining idioms from source code},
  author={Allamanis, Miltiadis and Sutton, Charles},
  booktitle={Proceedings of the 22nd ACM SIGSOFT International Symposium on Foundations of Software Engineering},
  pages={472--483},
  year={2014},
  organization={ACM}
}

@article{lake2015human,
  title={Human-level concept learning through probabilistic program induction},
  author={Lake, Brenden M and Salakhutdinov, Ruslan and Tenenbaum, Joshua B},
  journal={Science},
  volume={350},
  number={6266},
  pages={1332--1338},
  year={2015},
  publisher={American Association for the Advancement of Science}
}

@article{minsky1991law,
  title={Law-governed systems},
  author={Minsky, Naftaly H},
  journal={Software Engineering Journal},
  volume={6},
  number={5},
  pages={285--302},
  year={1991},
  publisher={IET}
}

@article{winslow1996programming,
  title={Programming pedagogyâ€”a psychological overview},
  author={Winslow, Leon E},
  journal={ACM Sigcse Bulletin},
  volume={28},
  number={3},
  pages={17--22},
  year={1996},
  publisher={ACM}
}

@article{weiser1983programming,
  title={Programming problem representation in novice and expert programmers},
  author={Weiser, Mark and Shertz, Joan},
  journal={International Journal of Man-Machine Studies},
  volume={19},
  number={4},
  pages={391--398},
  year={1983},
  publisher={Elsevier}
}