@inproceedings{BonaciApp,
  title={{App Stores for the Brain:Privacy and Security in Brain-Computer Interfaces}},
  author={Bonaci, Tamaral and Calo, Ryan and Chizeck, Howard Jay},
  booktitle={IEEE International Symposium on Ethics in Engineering, Science and Technology},
  year={2014}
}
@inproceedings{bonaci2014securing,
  title={Securing the exocortex: A twenty-first century cybernetics challenge},
  author={Bonaci, Tamara and Herron, Jeffrey and Matlack, Charlie and Chizeck, Howard Jay},
  booktitle={Norbert Wiener in the 21st Century (21CW), 2014 IEEE Conference on},
  pages={1--8},
  year={2014},
  organization={IEEE}
}
@article{Romano2010,
author = {Romano, Jennifer C and Howard, James H and Howard, Darlene V},
doi = {10.1080/09658211003742680},
issn = {1464-0686},
journal = {Memory},
number = {4},
pages = {427--41},
pmid = {20408037},
title = {{One-year Retention of General and Sequence-specific Skills in a Probabilistic, Serial Reaction Time Task.}},
howpublished = {\url{http://www.pubmedcentral.nih.gov/articlerender.fcgi?artid=2894701{\&}tool=pmcentrez{\&}rendertype=abstract}},
volume = {18},
year = {2010}
}

@article{Rozanov_2010,
author = {Rozanov, Simon and Keren, Ofer and Karni, Avi},
doi = {10.1016/j.brainres.2010.03.019},
issn = {1872-6240},
journal = {Brain Research},
month = {may},
pages = {80--7},
pmid = {20298683},
publisher = {Elsevier B.V.},
title = {{The Specificity of Memory for a Highly Trained Finger Movement Sequence: Change the Ending, Change All}},
howpublished = {\url{http://www.ncbi.nlm.nih.gov/pubmed/20298683}},
volume = {1331},
year = {2010}
}

@article{Dienes_1997,
author = {Dienes, Zolt{\'{a}}n and Berry, Dianne},
journal = {Psychonomic Bulletin {\&} Review},
number = {1},
pages = {3--23},
title = {{Implicit Learning: Below the Subjective Threshold}},
volume = {4},
year = {1997}
}

@article{peirce2007psychopy,
  title={{PsychoPyâ€”psychophysics Software in Python}},
  author={Peirce, Jonathan W},
  journal={Journal of neuroscience methods},
  volume={162},
  number={1},
  pages={8--13},
  year={2007},
  publisher={Elsevier}
}

@article{Buhrmester_2011,
author = {Buhrmester, M. and Kwang, T. and Gosling, S. D.},
doi = {10.1177/1745691610393980},
issn = {1745-6916},
journal = {Perspectives on Psychological Science},
keywords = {amazon,amazon mechanical turk,com,data collection,getting work done by,here,internet,is a novel,mturk,online,open online marketplace for,others,research methods,s mechanical turk,web,www},
month = {feb},
number = {1},
pages = {3--5},
title = {{Amazon's Mechanical Turk: A New Source of Inexpensive, Yet High-Quality, Data?}},
howpublished={\url{http://pps.sagepub.com/lookup/doi/10.1177/1745691610393980}},
volume = {6},
year = {2011}
}

@article{Bojinov_2014,
author = {Bojinov, Hristo and Sanchez, Daniel and Reber, Paul and Boneh, Dan and Lincoln, Patrick},
journal = {Communications of the ACM},
number = {5},
pages = {110--118},
title = {{Neuroscience Meets Cryptography: Crypto Primitives Secure Against Rubber Hose Attacks}},
volume = {57},
year = {2014}
}

@article{Nitsche_2000_JPhys,
  title={{Excitability Changes Induced in the Human Motor Cortex by Weak Transcranial Direct Current Stimulation}},
  author={Nitsche, Michael A and Paulus, Walter},
  journal={The Journal of physiology},
  volume={527},
  number={3},
  pages={633--639},
  year={2000},
  publisher={Wiley Online Library}
}
@article{Wang_2014_Science,
  title={{Targeted Enhancement of Cortical-Hippocampal Brain Networks and Associative Memory}},
  author={Wang, Jane X and Rogers, Lynn M and Gross, Evan Z and Ryals, Anthony J and Dokucu, Mehmet E and Brandstatt, Kelly L and Hermiller, Molly S and Voss, Joel L},
  journal={Science},
  volume={345},
  number={6200},
  pages={1054--1057},
  year={2014},
  publisher={American Association for the Advancement of Science}
}
@article{Grimaldi_2016_Neurosci,
  title={{Cerebellar Transcranial Direct Current Stimulation (ctDCS) a Novel Approach to Understanding Cerebellar Function in Health and Disease}},
  author={Grimaldi, Giuliana and Argyropoulos, Georgios P and Bastian, Amy and Cortes, Mar and Davis, Nicholas J and Edwards, Dylan J and Ferrucci, Roberta and Fregni, Felipe and Galea, Joseph M and Hamada, Masahi and others},
  journal={The Neuroscientist},
  volume={22},
  number={1},
  pages={83--97},
  year={2016},
  publisher={Sage Publications Sage CA: Los Angeles, CA}
}
@article{Jayaram_2012_JNeurophys,
  title={{Modulating Locomotor Adaptation with Cerebellar Stimulation}},
  author={Jayaram, Gowri and Tang, Byron and Pallegadda, Rani and Vasudevan, Erin VL and Celnik, Pablo and Bastian, Amy},
  journal={Journal of Neurophysiology},
  volume={107},
  number={11},
  pages={2950--2957},
  year={2012},
  publisher={Am Physiological Soc}
}
@article{Oudiette_2013_TICS,
  title={{Upgrading the Sleeping Brain with Targeted Memory Reactivation}},
  author={Oudiette, Delphine and Paller, Ken A},
  journal={Trends in cognitive sciences},
  volume={17},
  number={3},
  pages={142--149},
  year={2013},
  publisher={Elsevier}
}

@online{Hutchinson_NewYorker_2016,
  author = {Hutchinson, Alex},
  title = {{For the Golden State Warriors, Brain Zapping Could Provide an Edge}},
  year = 2016,
  howpublished={\url{http://www.newyorker.com/tech/elements/for-the-golden-state-warriors-brain-zapping-could-provide-an-edge}},
  urldate = {2016-06-15}
}
@article{poreisz2007safety,
  title={{Safety Aspects of Transcranial Direct Current Stimulation Concerning Healthy Subjects and Patients}},
  author={Poreisz, Csaba and Boros, Kl{\'a}ra and Antal, Andrea and Paulus, Walter},
  journal={Brain {R}esearch {B}ulletin},
  volume={72},
  number={4},
  pages={208--214},
  year={2007},
  publisher={Elsevier}
}

@article{reardon2014drug,
  title={Drug abuse in athletes},
  author={Reardon, Claudia L and Creado, Shane},
  journal={Substance {A}buse and {R}ehabilitation},
  volume={5},
  pages={95},
  year={2014},
  publisher={Dove Press}
}
